@book{2015三角范畴与导出范畴,
  title={三角范畴与导出范畴},
  isbn={9787030445094},
  series={现代数学基础丛书},
  url={https://books.google.com.hk/books?id=vIrznQAACAAJ},
  year={2015},
  publisher={科学出版社}
}


@article{einstein,
  author =       "Albert Einstein",
  title =        "{Zur Elektrodynamik bewegter K{\"o}rper}. ({German})
                 [{On} the electrodynamics of moving bodies]",
  journal =      "Annalen der Physik",
  volume =       "322",
  number =       "10",
  pages =        "891--921",
  year =         "1905",
  DOI =          "http://dx.doi.org/10.1002/andp.19053221004"
}

@book{latexcompanion,
    author    = "Michel Goossens and Frank Mittelbach and Alexander Samarin",
    title     = "The \LaTeX\ Companion",
    year      = "1993",
    publisher = "Addison-Wesley",
    address   = "Reading, Massachusetts"
}
 
@misc{knuthwebsite,
    author    = "Donald Knuth",
    title     = "Knuth: Computers and Typesetting",
    url       = "http://www-cs-faculty.stanford.edu/\~{}uno/abcde.html"
}

@book{e1,
  title={Elements of the Representation Theory of Associative Algebras: Techniques of representation theory},
  author={Assem, I. and Simson, D. and Skowro{\'n}ski, A.},
  isbn={9780521584234},
  lccn={2004045885},
  series={Elements of the Representation Theory of Associative Algebras},
  url={https://books.google.com.hk/books?id=ayNHpi3tYhQC},
  year={2006},
  publisher={Cambridge University Press}
}

@article{Braden_2011,
   title={Localization algebras and deformations of Koszul algebras},
   volume={17},
   ISSN={1420-9020},
   url={http://dx.doi.org/10.1007/s00029-011-0058-y},
   DOI={10.1007/s00029-011-0058-y},
   number={3},
   journal={Selecta Mathematica},
   publisher={Springer Science and Business Media LLC},
   author={Braden, Tom and Licata, Anthony and Phan, Christopher and Proudfoot, Nicholas and Webster, Ben},
   year={2011},
   month=apr, pages={533–572} }

@MISC {775,
    TITLE = {What is an example of a ring in which the intersection of all maximal two-sided ideals is not equal to the Jacobson radical?},
    AUTHOR = {Evan Jenkins (https://mathoverflow.net/users/396/evan-jenkins)},
    HOWPUBLISHED = {MathOverflow},
    NOTE = {URL:https://mathoverflow.net/q/775 (version: 2009-10-19)},
    EPRINT = {https://mathoverflow.net/q/775},
    URL = {https://mathoverflow.net/q/775}
}

@book{BerestMehrle2017,
  author    = {Yuri Berest and David Mehrle},
  title     = {Math 7350: Differential Graded Algebras and Differential Graded Categories},
  year      = {2017},
  language  = {English},
  pages     = {158},
  note      = {Lecture notes, version 16 Aug 2017},
  url       = {http://pi.math.cornell.edu/~dmehrle/notes/cornell/17sp/7350notes.pdf}
}

@book{lane1998categories,
  title={Categories for the Working Mathematician},
  author={Lane, S.M.},
  isbn={9780387984032},
  lccn={97045229},
  series={Graduate Texts in Mathematics},
  url={https://books.google.com.hk/books?id=MXboNPdTv7QC},
  year={1998},
  publisher={Springer}
}

@misc{algstructure,
  author       = {The {Stacks project authors}},
  title        = {The Stacks project},
  howpublished = {\url{https://stacks.math.columbia.edu}},
  year         = {2025},
}

@misc{nlab:lex,
  author = {{nLab authors}},
  title = {{{L}}ex},
  howpublished = {\url{https://ncatlab.org/nlab/show/Lex}},
  note = {\href{https://ncatlab.org/nlab/revision/Lex/7}{Revision 7}},
  month = feb,
  year = 2025
}

@article{BSMF_1969__97__81_0,
     author = {Lazard, Daniel},
     title = {Autour de la platitude},
     journal = {Bulletin de la Soci\'et\'e Math\'ematique de France},
     pages = {81--128},
     publisher = {Soci\'et\'e math\'ematique de France},
     volume = {97},
     year = {1969},
     doi = {10.24033/bsmf.1675},
     mrnumber = {40 #7310},
     zbl = {0174.33301},
     language = {fr},
     url = {http://www.numdam.org/articles/10.24033/bsmf.1675/}
}

@Article{Bienias2013,
author={Bienias, Marek
and G{\l}{\k{a}}b, Szymon
and Ra{\l}owski, Robert
and {\.{Z}}eberski, Szymon},
title={Two point sets with additional properties},
journal={Czechoslovak Mathematical Journal},
year={2013},
month={Dec},
day={01},
volume={63},
number={4},
pages={1019-1037},
abstract={A subset of the plane is called a two point set if it intersects any line in exactly two points. We give constructions of two point sets possessing some additional properties. Among these properties we consider: being a Hamel base, belonging to some $\sigma$-ideal, being (completely) nonmeasurable with respect to different $\sigma$-ideals, being a $\kappa$-covering. We also give examples of properties that are not satisfied by any two point set: being Luzin, Sierpi{\'{n}}ski and Bernstein set. We also consider natural generalizations of two point sets, namely: partial two point sets and n point sets for n = 3, 4, {\ldots}, ℵ0, ℵ1. We obtain consistent results connecting partial two point sets and some combinatorial properties (e.g. being an m.a.d. family).},
issn={1572-9141},
doi={10.1007/s10587-013-0069-2},
url={https://doi.org/10.1007/s10587-013-0069-2}
}

@article{PBMSet,
author = {Totik, Vilmos},
year = {2006},
month = {01},
pages = {},
title = {Problems and Theorems in Classical Set Theory},
isbn = {978-0-387-30293-5},
doi = {10.1007/0-387-36219-3}
}

@article{Lambek_1964, title={A Module is Flat if and Only if its Character Module is Injective}, volume={7}, DOI={10.4153/CMB-1964-021-9}, number={2}, journal={Canadian Mathematical Bulletin}, author={Lambek, J.}, year={1964}, pages={237–243}} <div></div>

@article{Trlifaj_2018,
   title={Faith’s problem on $R$-projectivity is undecidable},
   volume={147},
   ISSN={1088-6826},
   url={http://dx.doi.org/10.1090/proc/14209},
   DOI={10.1090/proc/14209},
   number={2},
   journal={Proceedings of the American Mathematical Society},
   publisher={American Mathematical Society (AMS)},
   author={Trlifaj, Jan},
   year={2018},
   month=oct, pages={497–504} }

@book{auslander1997representation,
  title={Representation Theory of Artin Algebras},
  author={Auslander, M. and Reiten, I. and Smalo, S.O.},
  isbn={9780521599238},
  lccn={98115558},
  series={Cambridge Studies in Advanced Mathematics},
  url={https://books.google.com.hk/books?id=aiRmz22Ou3wC},
  year={1997},
  publisher={Cambridge University Press}
}

@inproceedings{Brion2009RepresentationsOQ,
  title={Representations of quivers},
  author={Michel Brion},
  year={2009},
  url={https://api.semanticscholar.org/CorpusID:3002989}
}

@book{hartshorne1999algebraic,
  title={Algebraic Geometry},
  author={Hartshorne, R.},
  isbn={9787506200820},
  series={Springer数学研究生教材},
  url={https://books.google.com.hk/books?id=R853AAAACAAJ},
  year={1999},
  publisher={世界图书出版公司北京公司}
}

@book{Angeleri_Hügel_Happel_Krause_2007, 
  place={Cambridge}, 
  series={London Mathematical Society Lecture Note Series}, 
  title={Handbook of Tilting Theory}, 
  publisher={Cambridge University Press}, 
  year={2007}, 
  collection={London Mathematical Society Lecture Note Series}
}

@Inbook{Keller1994,
author="Keller, Bernhard",
editor="Dlab, Vlastimil
and Scott, Leonard L.",
title="Tilting Theory and Differential Graded Algebras",
bookTitle="Finite Dimensional Algebras and Related Topics",
year="1994",
publisher="Springer Netherlands",
address="Dordrecht",
pages="183--190",
abstract="We introduce the formalism of derived categories of differential graded algebras and demonstrate its usefulness for tilting theory in the sense of `Morita theory for derived categories' (4).",
isbn="978-94-017-1556-0",
doi="10.1007/978-94-017-1556-0_9",
url="https://doi.org/10.1007/978-94-017-1556-0_9"
}

@inproceedings{Brenner1980GeneralizationsOT,
  title={Generalizations of the Bernstein-Gelfand-Ponomarev reflection functors},
  author={Sheila Brenner and M. C. R. Butler},
  year={1980},
  url={https://api.semanticscholar.org/CorpusID:117653093}
}

@Article{Nagahara1995,
author={Nagahara, Takashi},
title={Hisao Tominaga},
journal={Results in Mathematics},
year={1995},
month={Aug},
day={01},
volume={28},
number={1},
pages={5-11},
issn={1420-9012},
doi={10.1007/BF03322234},
url={https://doi.org/10.1007/BF03322234}
}

@Article{Miyashita1986,
author={Miyashita, Yoichi},
title={Tilting modules of finite projective dimension},
journal={Mathematische Zeitschrift},
year={1986},
month={Mar},
day={01},
volume={193},
number={1},
pages={113-146},
issn={1432-1823},
doi={10.1007/BF01163359},
url={https://doi.org/10.1007/BF01163359}
}

@inbook{Happel_1988, place={Cambridge}, series={London Mathematical Society Lecture Note Series}, title={Tilting theory}, booktitle={Triangulated Categories in the Representation of Finite Dimensional Algebras}, publisher={Cambridge University Press}, author={Happel, Dieter}, year={1988}, pages={93–151}, collection={London Mathematical Society Lecture Note Series}} 

@incollection {MR1775587,
    AUTHOR = {Miller, Haynes},
     TITLE = {Leray in {O}flag {XVIIA}: the origins of sheaf theory, sheaf
              cohomology, and spectral sequences},
      NOTE = {Jean Leray (1906--1998)},
   JOURNAL = {Gaz. Math.},
  FJOURNAL = {Gazette des Math\'ematiciens},
    NUMBER = {84},
      YEAR = {2000},
     PAGES = {17--34},
      ISSN = {0224-8999,2275-0622},
   MRCLASS = {01A70},
  MRNUMBER = {1775587},
}

@book{rotman2008introduction,
  title={An Introduction to Homological Algebra},
  author={Rotman, J.J.},
  isbn={9780387683249},
  lccn={2008936123},
  series={Universitext},
  url={https://books.google.com.hk/books?id=P2HV4f8gyCgC},
  year={2008},
  publisher={Springer New York}
}

@article{CHRISTENSEN1998284,
title = {Ideals in Triangulated Categories: Phantoms, Ghosts and Skeleta},
journal = {Advances in Mathematics},
volume = {136},
number = {2},
pages = {284-339},
year = {1998},
issn = {0001-8708},
doi = {https://doi.org/10.1006/aima.1998.1735},
url = {https://www.sciencedirect.com/science/article/pii/S0001870898917352},
author = {J.Daniel Christensen},
keywords = {Ideal, projective class, injective class, triangulated category, stable homotopy, spectrum, phantom map, superphantom, ghost map, chain complex, derived category, purity, pure extension, Brown representability, real projective space},
abstract = {We begin by showing that in a triangulated category, specifying a projective class is equivalent to specifying an ideal I of morphisms with certain properties and that if I has these properties, then so does each of its powers. We show how a projective class leads to an Adams spectral sequence and give some results on the convergence and collapsing of this spectral sequence. We use this to study various ideals. In the stable homotopy category we examine phantom maps, skeletal phantom maps, superphantom maps, and ghosts. (A ghost is a map which induces the zero map of homotopy groups.) We show that ghosts lead to a stable analogue of the Lusternik–Schnirelmann category of a space, and we calculate this stable analogue for low-dimensional real projective spaces. We also give a relation between ghosts and the Hopf and Kervaire invariant problems. In the case ofA∞modules over anA∞ring spectrum, the ghost spectral sequence is a universal coefficient spectral sequence. From the phantom projective class we derive a generalized Milnor sequence for filtered diagrams of finite spectra, and from this it follows that the group of phantom maps fromXtoYcan always be described as alim←1group. The last two sections focus on algebraic examples. In the derived category of an abelian category we study the ideal of maps inducing the zero map of homology groups and find a natural setting for a result of Kelly on the vanishing of composites of such maps. We also explain how pure exact sequences relate to phantom maps in the derived category of a ring and give an example showing that phantoms can compose non-trivially.}
}


@misc{keller2001introductionainfinityalgebrasmodules,
      title={Introduction to A-infinity algebras and modules}, 
      author={Bernhard Keller},
      year={2001},
      eprint={math/9910179},
      archivePrefix={arXiv},
      primaryClass={math.RA},
      url={https://arxiv.org/abs/math/9910179}, 
}

@book{eilenberg1965foundations,
  title={Foundations of Relative Homological Algebra},
  author={Eilenberg, S. and Moore, J.C.},
  isbn={9780821812556},
  series={American Mathematical Society: Memoirs of the American Mathematical Society},
  url={https://books.google.gm/books?id=PLHTCQAAQBAJ},
  year={1965},
  publisher={American Mathematical Society}
}


@article{JPMayAdd01,
author = {May, J.P.},
year = {2001},
month = {10},
pages = {34-73},
title = {The Additivity of Traces in Triangulated Categories},
volume = {163},
journal = {Advances in Mathematics},
doi = {10.1006/aima.2001.1995}
}

@book{maclane2012homology,
  title={Homology},
  author={MacLane, S.},
  isbn={9783642620294},
  series={Classics in Mathematics},
  url={https://books.google.com.hk/books?id=ujRqCQAAQBAJ},
  year={2012},
  publisher={Springer Berlin Heidelberg}
}

@book{mitchell1965theory,
  title={Theory of Categories},
  author={Mitchell, B.},
  isbn={9780124992504},
  lccn={lc65022761},
  series={Pure and applied mathematics : a series of monographs and textbooks},
  url={https://books.google.com.hk/books?id=zA2oAAAAIAAJ},
  year={1965},
  publisher={Academic Press}
}


@misc{nlab:spectral_sequence_of_a_tower_of_fibrations,
  author = {{nLab authors}},
  title = {spectral sequence of a tower of fibrations},
  howpublished = {\url{https://ncatlab.org/nlab/show/spectral+sequence+of+a+tower+of+fibrations}},
  note = {\href{https://ncatlab.org/nlab/revision/spectral+sequence+of+a+tower+of+fibrations/3}{Revision 3}},
  month = feb,
  year = 2025
}

@article{严志达,
title = {深切怀念王宪钟先生},
author = {严志达 },
journal = {数学进展},
volume = {},
pages = {79-80},
year = {1981},
url = {https://ccj.pku.edu.cn/article/info?aid=278171354}
}


